@ARTICLE{satish2009,
    author = {Satish, N. and Harris, M. and Garland, M.},
    title = {Designing Efficient Sorting Algorithms for Manycore GPUs},
    journal = {Parallel \& Distributed Processing (IPDPS) 2009},
    year = {2009},
    pages = {1--10}
}

@ARTICLE{leischner2010,
    author = {Leischner, N. and Osipov, V. and Sanders, P.},
    title = {GPU Sample Sort},
    journal = {Parallel \& Distributed Processing (IPDPS) 2010},
    year = {2010},
    pages = {1--10}
}

@ARTICLE{cederman2009,
    author = {Cederman, D. and Tsigas, P.},
    title = {GPU Quicksort: A Practical Quicksort Algorithm for Graphics Processors},
    journal = {ACM Journal of Experimental Algorithmics},
    volume = {14},
    year = {2009},
    pages = {1--24}
}

@ARTICLE{kolonias2011,
    author = {Kolonias, V. and Voyiatzis, A. G. and Goulas, G. and Housos, E.},
    title = {Design and implementation of an efficient integer count sort in CUDA GPUs},
    journal = {Concurrency and Computation: Practice and Experience},
    volume = {23},
    pages = {2365--2381},
    year = {2011}
}

@INCOLLECTION{peters2012gems,
    author = {Peters, H. and Schulz-Hildebrandt, O.},
    title = {Comparison-Based In-Place Sorting with CUDA},
    booktitle = {GPU Computing Gems Jade Edition},
    chapter = {8},
    publisher = {Elsevier Inc.},
    year = {2012},
    pages = {89--96}
}

@misc{nvidiafermi2010,
    author = {Anzt, H. and Hahn, T. and Heuveline, V. and Rocker, B.},
    title = {{GPU Accelerated Scientific Computing: Evaluation of the NVIDIA Fermi Architecture; Elementary Kernels and Linear Solvers}},
    howpublished = {Preprint Series of the Engineering Mathematics and Computing Lab (EMCL)},
    year = {2010},
    number = {04}
}

@article{lindholm2008,
    author = {Lindholm, E. and Nickolls, J. and Oberman, S. and Montrym, J.},
    title = {NVIDIA Tesla: A Unified Graphics and Computing Architecture},
    journal = {IEEE Micro},
    volume = {28},
    year = {2008},
    pages = {39--55},
    publisher = {IEEE Computer Society Press}
}

@BOOK{cudaprogramming,
    author = {{NVIDIA Corporation}},
    title = {NVIDIA CUDA Programming Guide},
    publisher = {NVIDIA Corporation},
    year = {2010, version 3.0}
}

@inproceedings{merrill2010,
    author = {Merrill, D. G. and Grimshaw, A. S.},
    title = {Revisiting sorting for GPGPU stream architectures},
    booktitle = {Proceedings of the 19th international conference on Parallel architectures and compilation techniques},
    series = {PACT '10},
    year = {2010},
    pages = {545--546},
    publisher = {ACM}
}

@inproceedings{satish2010,
    author = {Satish, N. and Kim, C. and Chhugani, J. and Nguyen, A. D. and Lee, V. W. and Kim, D. and Dubey, P.},
    title = {Fast sort on CPUs and GPUs: a case for bandwidth oblivious SIMD sort},
    booktitle = {Proceedings of the 2010 international conference on Management of data},
    series = {SIGMOD '10},
    year = {2010},
    pages = {351--362},
    publisher = {ACM}
}

@BOOK{clrs,
    author = {Cormen, T. H. and Leiserson, C. E. and Rivest, R. L. and Stein, C.},
    title = {Introduction to Algorithms},
    publisher = {MIT Presss},
    year = {2009},
    edition = {Third}
}
